@article{jagtap2022activation,
    title   = {How important are activation functions in regression and classification? {A} survey, performance comparison, and future directions},
    author  = {Jagtap, A.D. and Karniadakis, G.E.},
    journal = {arXiv preprint arXiv:2209.02681},
    year    = {2022}
}

@article{paulson2022feature,
    title   = {Feature engineering for machine learning enabled early prediction of battery lifetime},
    author  = {Paulson, N.H. and Kubal, J. and Ward, L. and Saxena, S. and Lu, W. and Babinec, S.J.},
    journal = {Journal of Power Sources},
    volume  = {527},
    pages   = {231127},
    year    = {2022}
}

@online{rajan2021walk,
    title        = {A walk-through of regression analysis using artificial neural networks in {TensorFlow}},
    author       = {Rajan, S.},
    year         = {2021},
    organization = {Analytics Vidhya},
    url          = {https://www.analyticsvidhya.com/blog/2021/08/a-walk-through-of-regression-analysis-using-artificial-neural-networks-in-tensorflow/},
    urldate      = {2024-11-22}
}

@article{chen2023deep,
    title   = {A deep learning dataset for metal multiaxial fatigue life prediction},
    author  = {Chen, S. and Bai, Y. and Zhou, X. and Yang, A.},
    journal = {Scientific Data},
    year    = {2023},
    url     = {https://github.com/stupid-cooh/Metal-Multiaxial-Fatigue-Life-Prediction-Using-Deep-Learning},
    urldate = {2024-11-22}
}

@incollection{gorz2023evaluation,
    title     = {Evaluation of feature engineering methods for the prediction of sheet metal parameters},
    author    = {G{\"o}rz, M. and Schenek, A. and Liewald, M. and Riedm{\"u}ller, K.R.},
    booktitle = {The Minerals, Metals \& Materials Series},
    publisher = {Springer},
    address   = {Cham},
    pages     = {77--88},
    year      = {2023}
}
