@article{armbrust2010cloud,
    title   = {A view of cloud computing},
    author  = {Armbrust, Michael and Stoica, Ion and Zaharia, Matei and et al.},
    journal = {Communications of the ACM},
    volume  = {53},
    number  = {4},
    pages   = {50--58},
    year    = {2010}
}

@book{li2019decision,
    title     = {Decision Support for Cloud Computing},
    author    = {Li, Zhenkun and O'Brien, Liam and Zhang, He},
    publisher = {Springer},
    year      = {2019}
}

@book{marinescu2013cloud,
    title     = {Cloud Computing: Theory and Practice},
    author    = {Marinescu, Dan C},
    publisher = {Morgan Kaufmann},
    year      = {2013}
}

@inproceedings{dillon2010cloud,
    title        = {Cloud computing: Issues and challenges},
    author       = {Dillon, Tharam and Wu, Chen and Chang, Elizabeth},
    booktitle    = {2010 24th IEEE International Conference on Advanced Information Networking and Applications},
    pages        = {27--33},
    year         = {2010},
    organization = {IEEE}
}

@article{hashem2015bigdata,
    title   = {The rise of "big data" on cloud computing: Review and open research issues},
    author  = {Hashem, IAT and Yaqoob, I and Anuar, NB and et al.},
    journal = {Information Systems},
    volume  = {47},
    pages   = {98--115},
    year    = {2015}
}

@article{leitner2016patterns,
    title   = {Patterns in the chaosâ€”a study of performance variation and predictability in public IaaS clouds},
    author  = {Leitner, Philipp and Cito, Juergen},
    journal = {ACM Transactions on Internet Technology},
    volume  = {16},
    number  = {3},
    pages   = {1--23},
    year    = {2016}
}

@article{rehman2018cloud,
    title   = {Towards multi-criteria cloud service selection: A systematic literature review},
    author  = {Rehman, Muhammad HU and Wah, Teh Ying and Hussain, Farookh Khadeer},
    journal = {Journal of Network and Computer Applications},
    volume  = {104},
    pages   = {1--13},
    year    = {2018}
}

@article{stergiou2018iot,
    title   = {Secure integration of IoT and cloud computing},
    author  = {Stergiou, Charalampos and Psannis, Kostas E and Kim, Byeong G and Gupta, BB},
    journal = {Future Generation Computer Systems},
    volume  = {78},
    pages   = {964--975},
    year    = {2018}
}

@misc{awspricing,
    title  = {AWS Pricing},
    author = {{Amazon Web Services}},
    note   = {Retrieved from https://aws.amazon.com/pricing/}
}

@misc{azurepricing,
    title  = {Azure Pricing},
    author = {{Microsoft Azure}},
    note   = {Retrieved from https://azure.microsoft.com/en-us/pricing/}
}

@misc{gcppricing,
    title  = {Google Cloud Platform Pricing},
    author = {{Google Cloud Platform}},
    note   = {Retrieved from https://cloud.google.com/pricing/}
}
@misc{openmp,
    title        = {OpenMP Application Program Interface},
    howpublished = {\url{https://www.openmp.org/}},
    note         = {Accessed: 24.03.2023}
}

@book{chapman2007openmp,
    author    = {Chapman, Barbara and Jost, Gabriele and van der Pas, Ruud},
    title     = {Using OpenMP: Portable Shared Memory Parallel Programming},
    publisher = {MIT Press},
    year      = {2007}
}
